

@ARTICLE{Art1,
  AUTHOR =       "J. P. Singh and N. Bouguila",
  TITLE =        "Proportional Data Clustering using K-Means Algorithm: A comparison of different distances",
  JOURNAL =      "IEEE",
  YEAR =         "2017",
  pages =        "1048-1052",
  file = F
}

@ARTICLE{Art2,
  AUTHOR =       "R. Anand, S. Veni, and J. Aravinth",
  TITLE =        "An application of image processing techniques for detection of diseases on brinjal leaves using k-means clustering method",
  JOURNAL =      "IEEE",
  YEAR =         "2016",
  month =        "April",
  file = F
}

@UNPUBLISHED{Art3,
  author =       {Salem},
  title =        {Market Basket Analysis with R},
  year =         {2014},
  month =        {March},
  source =       {http://www.salemmarafi.com/code/market-basket-analysis-with-r/},
}


@MISC{Art4,
  author =       {UC Irvine},
  title =        {Leaf Data Set},
  howpublished = {Online},
  year =         {2014},
  month =        {February},
  source =       {https://archive.ics.uci.edu/ml/datasets/Leaf},
}

@CONFERENCE{Art5,
  author =       {J. Xiao, W. Dongfang, and H. Jiancang},
  title =        {An improved Apriori algorithm based on transactional granule},
  year =         {2016},
  month =        {September},
  publisher =    {IEEE}
}
